@Book{book,
title = {Dissemination of Information in Communication Networks: Broadcasting, Gossiping, Leader Election, and Fault-Tolerance},
author = {J. Hromkovic; R. Klasing; A. Pelc; P. Ruzicka; W. Unger},
publisher = {Springer},
year = {2005},
isbn = {978-3-540-26663-1}
}

@Article{erdos-renyi,
title = {On Random Graphs. I},
author = {P. Erdos; A. Renyi},
journal = {Publicationes Mathematicae},
volume = 6,
year = 1959,
}

@Misc{c-sharp,
title = {C sharp language},
author = {Microsoft},
howpublished = "\url{https://msdn.microsoft.com/en-us/library/kx37x362.aspx}",
note = "[Online; accessed 09-05-2016]"
}

@Misc{wpf,
title = {Windows Presentation Foundation engine},
author = {Microsoft},
howpublished = "\url{https://msdn.microsoft.com/en-us/library/mt149842%28v=vs.110%29.aspx}",
note = "[Online; accessed 09-05-2016]"
}

@Misc{xaml,
title = {XAML - Extensible Application Markup Language},
author = {Microsoft},
howpublished = "\url{https://msdn.microsoft.com/en-us/library/cc189036%28VS.95%29.aspx}",
note = "[Online; accessed 09-05-2016]"
}

@Misc{quick-graph,
title = {QuickGraph library},
howpublished = "\url{https://quickgraph.codeplex.com/}",
note = "[Online; accessed 09-05-2016]"
}

@Misc{graphml,
author = {Graph Drawing Steering Committee},
title = {GraphML file format},
howpublished = "\url{http://graphml.graphdrawing.org}",
note = "[Online; accessed 09-05-2016]"
}

@Misc{python,
title = {Python language},
howpublished = "\url{https://www.python.org/}",
note = "[Online; accessed 09-05-2016]"
}

@Misc{networkx,
title = {NetworkX library},
howpublished = "\url{https://networkx.github.io/}",
note = "[Online; accessed 09-05-2016]"
}

@Misc{networkx-generators,
title = {NetworkX Graph generators},
howpublished = "\url{http://networkx.readthedocs.org/en/networkx-1.10/reference/generators.html}",
note = "[Online; accessed 09-05-2016]"
}

@Misc{click,
title = {Click library},
howpublished = "\url{http://click.pocoo.org/5/}",
note = "[Online; accessed 09-05-2016]"
}

@Misc{pyinstaller,
title = {PyInstaller packager application},
howpublished = "\url{http://pyinstaller.readthedocs.io/en/latest/index.html}",
note = "[Online; accessed 09-05-2016]"
}
